<record><leader>00000cas a22000007a 4500</leader><controlfield tag="001">11191447</controlfield><controlfield tag="008">840924d18681884inuwr ne      0    0eng d</controlfield><datafield ind1=" " ind2=" " tag="010"><subfield code="a">sn 84038048 </subfield></datafield><datafield ind1=" " ind2=" " tag="040"><subfield code="a">NPX</subfield><subfield code="b">eng</subfield><subfield code="c">NPX</subfield><subfield code="d">NPU</subfield><subfield code="d">NPI</subfield><subfield code="d">MGN</subfield><subfield code="d">OCLCQ</subfield></datafield><datafield ind1=" " ind2=" " tag="042"><subfield code="a">msc</subfield></datafield><datafield ind1="0" ind2="4" tag="245"><subfield code="a">The Martin County herald.</subfield></datafield><datafield ind1=" " ind2=" " tag="260"><subfield code="a">Dover Hill, Ind. :</subfield><subfield code="b">Henry A. Peed</subfield></datafield><datafield ind1=" " ind2=" " tag="310"><subfield code="a">Weekly</subfield></datafield><datafield ind1="1" ind2=" " tag="362"><subfield code="a">Began in 1868. Cf. Martin Co. herald (Feb. 18, 1869).</subfield></datafield><datafield ind1=" " ind2=" " tag="500"><subfield code="a">Published at Dover Hill, Ind., 1868-1869; Loogootee, Ind., 1869-1873; Shoals, Ind., 1873-1884.</subfield></datafield><datafield ind1=" " ind2=" " tag="588"><subfield code="a">Description based on: Vol. 2, no. 1 (Feb. 18, 1869).</subfield></datafield><datafield ind1=" " ind2=" " tag="752"><subfield code="a">United States</subfield><subfield code="b">Indiana</subfield><subfield code="c">Martin</subfield><subfield code="d">Shoals.</subfield></datafield><datafield ind1=" " ind2=" " tag="752"><subfield code="a">United States</subfield><subfield code="b">Indiana</subfield><subfield code="c">Martin</subfield><subfield code="d">Dover Hill.</subfield></datafield><datafield ind1=" " ind2=" " tag="752"><subfield code="a">United States</subfield><subfield code="b">Indiana</subfield><subfield code="c">Martin</subfield><subfield code="d">Loogootee.</subfield></datafield><datafield ind1="0" ind2="7" tag="785"><subfield code="t">Martin County Democrat (Loogootee, Ind.)</subfield></datafield><datafield ind1="0" ind2="7" tag="785"><subfield code="t">Herald Democrat (Shoals, Ind.)</subfield><subfield code="w">(DLC)sn 85047980</subfield></datafield></record>